<?xml version="1.0" encoding="utf-8"?>
<record xmlns="http://www.loc.gov/MARC21/slim" xmlns:xsi="http://www.w3.org/2001/XMLSchema-instance" xsi:schemaLocation="http://www.loc.gov/MARC21/slim http://www.loc.gov/standards/marcxml/schema/MARC21slim.xsd">
	<leader>     nam a22        4500</leader>
	<controlfield tag="001">001356825</controlfield>
	<controlfield tag="003">NNU</controlfield>
	<controlfield tag="006">m        d        </controlfield>
	<controlfield tag="007">cr cn |||m|||a</controlfield>
	<controlfield tag="008">150727s1955    ua abef ob   f000 0 ara d</controlfield>
	<datafield ind1=" " ind2=" " tag="040">
		<subfield code="a">NNU</subfield>
		<subfield code="b">eng</subfield>
		<subfield code="c">NNU</subfield>
	</datafield>
	<datafield ind1="1" ind2=" " tag="041">
		<subfield code="a">ara</subfield>
		<subfield code="a">eng</subfield>
		<subfield code="a">fre</subfield>
	</datafield>
	<datafield ind1=" " ind2=" " tag="043">
		<subfield code="a">f-ua---</subfield>
	</datafield>
	<datafield ind1=" " ind2="4" tag="050">
		<subfield code="a">DT159.6.N83</subfield>
		<subfield code="b">E392 1955</subfield>
	</datafield>
	<datafield ind1="1" ind2=" " tag="110">
		<subfield code="a">Egypt.</subfield>
		<subfield code="b">Maṣlaḥat al-Āthār.</subfield>
	</datafield>
	<datafield ind1="1" ind2="0" tag="245">
		<subfield code="a">Taqrīr ʻan āthār bilād al-Nawbah al-muḥaddadah bi-al-gharq li-munāsabat mashrūʻ al-Sadd al-ʻĀlī = Report on the monuments of Nubia likely to be submerged by Sudd-el-ʻĀlī water</subfield>
		<subfield code="h">[electronic resource] /</subfield>
		<subfield code="c">Maṣlaḥat al-Āthār = Antiquities department.</subfield>
	</datafield>
	<datafield ind1="3" ind2="5" tag="246">
		<subfield code="a">Report on the monuments of Nubia likely to be submerged by Sudd-el-ʻĀlī water</subfield>
	</datafield>
	<datafield ind1="3" ind2="8" tag="246">
		<subfield code="a">Les temples immergés de la Nubie</subfield>
	</datafield>
	<datafield ind1=" " ind2=" " tag="260">
		<subfield code="a">al-Qāhirah :</subfield>
		<subfield code="b">Wizārat al-Tarbīyah wa-al-Taʻlīm, Maṣlaḥat al-Āthār al-Miṣrīyah,</subfield>
		<subfield code="c">1955.</subfield>
	</datafield>
	<datafield ind1=" " ind2=" " tag="300">
		<subfield code="a">online resource (1 v. (various pagination), [34] leaves of plates) :</subfield>
		<subfield code="b">ill. (some fold.), maps, plans</subfield>
	</datafield>
	<datafield ind1=" " ind2=" " tag="500">
		<subfield code="a">Title on added t.p.: Report on the monuments of Nubia likely to be submerged by Sudd-el-ʻĀlī water.</subfield>
	</datafield>
	<datafield ind1=" " ind2=" " tag="500">
		<subfield code="a">Spine title: Les temples immergés de la Nubie</subfield>
	</datafield>
	<datafield ind1=" " ind2=" " tag="500">
		<subfield code="a">At head of added t.p.: Ministry of Education, Egypt. Antiquities department.</subfield>
	</datafield>
	<datafield ind1=" " ind2=" " tag="500">
		<subfield code="a">Part of the Arabic Collections Online (ACO) project, contributed by New York Univeristy Libraries.</subfield>
	</datafield>
	<datafield ind1=" " ind2=" " tag="504">
		<subfield code="a">Includes bibliographical references.</subfield>
	</datafield>
	<datafield ind1=" " ind2=" " tag="533">
		<subfield code="a">Electronic reproduction.</subfield>
		<subfield code="b">New York, N.Y. :</subfield>
		<subfield code="c">New York University,</subfield>
		<subfield code="d">2015.</subfield>
		<subfield code="5">NNU</subfield>
	</datafield>
	<datafield ind1=" " ind2=" " tag="546">
		<subfield code="a">Text in Arabic, English, and French.</subfield>
	</datafield>
	<datafield ind1=" " ind2="0" tag="651">
		<subfield code="a">Nubia</subfield>
		<subfield code="x">Antiquities.</subfield>
	</datafield>
	<datafield ind1=" " ind2="0" tag="650">
		<subfield code="a">Monuments</subfield>
		<subfield code="x">Conservation and restoration.</subfield>
	</datafield>
	<datafield ind1="1" ind2=" " tag="710">
		<subfield code="a">Egypt.</subfield>
		<subfield code="b">Wizārat al-Tarbiyah wa-al-Taʻlīm.</subfield>
	</datafield>
	<datafield ind1="2" ind2=" " tag="710">
		<subfield code="a">New York University.</subfield>
		<subfield code="b">Libraries.</subfield>
	</datafield>
	<datafield ind1="0" ind2=" " tag="730">
		<subfield code="a">Arabic Collections Online.</subfield>
	</datafield>
	<datafield ind1="0" ind2="8" tag="776">
		<subfield code="i">Print version:</subfield>
		<subfield code="a">Egypt. Maṣlaḥat al-Āthār.</subfield>
		<subfield code="t">Taqrīr ʻan āthār bilād al-Nawbah al-muḥaddadah bi-al-gharq li-munāsabat mashrūʻ al-Sadd al-ʻĀlī = Report on the monuments of Nubia likely to be submerged by Sudd-el-ʻĀlī water</subfield>
		<subfield code="w">(NNU)001356825</subfield>
	</datafield>
	<datafield ind1="4" ind2="0" tag="856">
		<subfield code="u">http://hdl.handle.net/2333.1/ghx3fhxk</subfield>
	</datafield>
	<datafield ind1=" " ind2=" " tag="959">
		<subfield code="a">NNU</subfield>
		<subfield code="b">WEB</subfield>
		<subfield code="c">GENI</subfield>
		<subfield code="t">0</subfield>
		<subfield code="m">Electronic access</subfield>
		<subfield code="s">01</subfield>
	</datafield>
	<datafield ind1=" " ind2=" " tag="999">
		<subfield code="i">NNU_001356825</subfield>
		<subfield code="s">nyu_aco001129</subfield>
		<subfield code="e">(ERROR-880)</subfield>
	</datafield>
</record>
